
@ARTICLE{dewar,
author={Dewar, M.J.S. and Zoebisch, E.G. and Healy, E.F. and Stewart, J.J.P.},
title={AM1: A New General Purpose Quantum Mechanical Molecular Model1},
journal={Journal of the American Chemical Society},
year={1985},
volume={107},
number={13},
pages={3902-3909},
doi={10.1021/ja00299a024},
note={cited By 14688},
url={https://www.scopus.com/inward/record.uri?eid=2-s2.0-0842341771&doi=10.1021%2fja00299a024&partnerID=40&md5=207121a4824b733e0fadcdac8d77a940},
document_type={Article},
source={Scopus},
}

@ARTICLE{bern,
author={Bernevig, B.A. and Hughes, T.L. and Zhang, S.-C.},
title={Quantum spin hall effect and topological phase transition in HgTe quantum wells},
journal={Science},
year={2006},
volume={314},
number={5806},
pages={1757-1761},
doi={10.1126/science.1133734},
note={cited By 4201},
url={https://www.scopus.com/inward/record.uri?eid=2-s2.0-33845708953&doi=10.1126%2fscience.1133734&partnerID=40&md5=50e76b1c7c7bec1fe36f431c537488c9},
document_type={Article},
source={Scopus},
}
