@article{arie,
title = "Experimental characterization of heat transfer in an additively manufactured polymer heat exchanger",
journal = "Applied Thermal Engineering",
volume = "113",
pages = "575 - 584",
year = "2017",
issn = "1359-4311",
doi = "https://doi.org/10.1016/j.applthermaleng.2016.11.030",
url = "http://www.sciencedirect.com/science/article/pii/S1359431116330630",
author = "Martinus A. Arie and Amir H. Shooshtari and Ratnesh Tiwari and Serguei V. Dessiatoun and Michael M. Ohadi and Joshua M. Pearce",
keywords = "Polymer heat exchanger, Plastic heat exchangers, Advanced heat exchangers, Layer-by-layer line welding additive manufacturing, Process intensification"
}

@article{erian,
  title={Maternal, placental blood flow: a model with velocity-dependent permeability},
  author={Erian, FF and Corrsin, S and Davis, SH},
  journal={Journal of biomechanics},
  volume={10},
  number={11-12},
  pages={807--814},
  year={1977},
  publisher={Elsevier}
}

@CONFERENCE{Tai,
author={Tai, K.S. and Socher, R. and Manning, C.D.},
title={Improved semantic representations from tree-structured long short-Term memory networks},
journal={ACL-IJCNLP 2015 - 53rd Annual Meeting of the Association for Computational Linguistics and the 7th International Joint Conference on Natural Language Processing of the Asian Federation of Natural Language Processing, Proceedings of the Conference},
year={2015},
volume={1},
pages={1556-1566},
doi={10.3115/v1/p15-1150},
note={cited By 1238},
url={https://www.scopus.com/inward/record.uri?eid=2-s2.0-84943797465&doi=10.3115%2fv1%2fp15-1150&partnerID=40&md5=a1bc67813ac2ac8b00ae9d18a5b5d090},
document_type={Conference Paper},
source={Scopus},
}

@ARTICLE{Mig,
author={Mignone, A. and Bodo, G. and Massaglia, S. and Matsakos, T. and Tesileanu, O. and Zanni, C. and Ferrari, A.},
title={PLUTO: A numerical code for computational astrophysics},
journal={Astrophysical Journal, Supplement Series},
year={2007},
volume={170},
number={1},
pages={228-242},
doi={10.1086/513316},
note={cited By 974},
url={https://www.scopus.com/inward/record.uri?eid=2-s2.0-34249875147&doi=10.1086%2f513316&partnerID=40&md5=1843f934cd143cc93b187e649913d326},
document_type={Article},
source={Scopus},
}

