@misc{enwiki:Fourier,
  author = {{Wikipedia contributors}},
  title  = {Fourier transform --- {Wikipedia}{,} The Free Encyclopedia},
  year   = {2024},
  url    = {https://en.wikipedia.org/w/index.php?title=Fourier_transform&oldid=1221873655},
  note   = {[Online; accessed 4-May-2024]}
}

@misc{enwiki:Convolution_Theorem,
  author = {{Wikipedia contributors}},
  title  = {Convolution theorem --- {Wikipedia}{,} The Free Encyclopedia},
  year   = {2024},
  url    = {https://en.wikipedia.org/w/index.php?title=Convolution_theorem&oldid=1197697329},
  note   = {[Online; accessed 4-May-2024]}
}

@misc{enwiki:Convolution,
  author = {{Wikipedia contributors}},
  title  = {Convolution --- {Wikipedia}{,} The Free Encyclopedia},
  year   = {2024},
  url    = {https://en.wikipedia.org/w/index.php?title=Convolution&oldid=1212399231},
  note   = {[Online; accessed 5-May-2024]}
}

@misc{enwiki:Navier-Stokes,
  author = {{Wikipedia contributors}},
  title  = {Navierâ€“Stokes equations --- {Wikipedia}{,} The Free Encyclopedia},
  year   = {2024},
  url    = {https://en.wikipedia.org/w/index.php?title=Navier%E2%80%93Stokes_equations&oldid=1217632972},
  note   = {[Online; accessed 5-May-2024]}
}