@misc{ enwiki:Diagonalization,
    author = "{Wikipedia contributors}",
    title = "Diagonalizable matrix --- {Wikipedia}{,} The Free Encyclopedia",
    year = "2024",
    url = "https://en.wikipedia.org/w/index.php?title=Diagonalizable_matrix&oldid=1218564824",
    note = "[Online; accessed 14-April-2024]"
}

@misc{ enwiki:Gram_Schmidt,
    author = "{Wikipedia contributors}",
    title = "Gramâ€“Schmidt process --- {Wikipedia}{,} The Free Encyclopedia",
    year = "2024",
    url = "https://en.wikipedia.org/w/index.php?title=Gram%E2%80%93Schmidt_process&oldid=1216415626",
    note = "[Online; accessed 14-April-2024]"
}

@misc{ enwiki:Eigendecomposition,
    author = "{Wikipedia contributors}",
    title = "Eigendecomposition of a matrix --- {Wikipedia}{,} The Free Encyclopedia",
    year = "2024",
    url = "https://en.wikipedia.org/w/index.php?title=Eigendecomposition_of_a_matrix&oldid=1210803129",
    note = "[Online; accessed 15-April-2024]"
}

@misc{ enwiki:Newtons_method,
    author = "{Wikipedia contributors}",
    title = "Newton's method in optimization --- {Wikipedia}{,} The Free Encyclopedia",
    year = "2024",
    url = "https://en.wikipedia.org/w/index.php?title=Newton%27s_method_in_optimization&oldid=1217252549",
    note = "[Online; accessed 16-April-2024]"
}