@MISC {DougM,
    TITLE = {Geometrical Meaning of Linear Algebra operations},
    AUTHOR = {Doug M (https://math.stackexchange.com/users/317162/doug-m)},
    HOWPUBLISHED = {Mathematics Stack Exchange},
    NOTE = {URL:https://math.stackexchange.com/q/3418113 (version: 2019-11-01)},
    EPRINT = {https://math.stackexchange.com/q/3418113},
    URL = {https://math.stackexchange.com/q/3418113}
}

@article{phani2005,
  title={Characterization of a continuous CO 2 laser-welded Fe-Cu dissimilar couple},
  author={Phanikumar, Gandham and Manjini, Sambandam and Dutta, Pradip and Chattopadhyay, Kamanio and Mazumder, Jyotirmoy},
  journal={Metallurgical and Materials Transactions A},
  volume={36},
  number={8},
  pages={2137--2147},
  year={2005},
  publisher={Springer}
}