@misc{enwiki:kernel,
  author = {{Wikipedia contributors}},
  title  = {Kernel (image processing) --- {Wikipedia}{,} The Free Encyclopedia},
  year   = {2023},
  url    = {https://en.wikipedia.org/w/index.php?title=Kernel_(image_processing)&oldid=1180652863},
  note   = {[Online; accessed 16-May-2024]}
}